% ksiazka
@Book{bib:ksiazka,
  Title                    = {Tytuł książki},
  Author                   = {Imię Nazwisko and Nazwisko, Imię and Imię Nazwisko},
  Publisher                = {Wydawnictwo},
  Year                     = {2017},
  Address                  = {Warszawa},
  ISBN                     = {83-204-3229-9-434}
}

% artykul w czasopismie
@Article{bib:artykul,
  Title                    = {Tytuł artykułu w czasopiśmie},
  Author                   = {Imię Nazwisko and Nazwisko, Imię and Imię Nazwisko},
  Journal                  = {Tytuł czasopisma},
  Year                     = {2016},
  Number                   = {8},
  Pages                    = {1092--1113},
  Volume                   = {157}
}

% artykul konferencyjny
@InProceedings{bib:konferencja,
  Title                    = {Tytuł artykułu konferencyjnego},
  Author                   = {Imię Nazwisko and Nazwisko, Imię and Imię Nazwisko},
  Booktitle                = {Nazwa konferecji},
  Year                     = {2006}, 
  Pages                    = {5346--5349}
}
 
% zrodlo internetowe
@online{bib:internet,
  author                   = {Imię Nazwisko and Nazwisko, Imię},
  title                    = {Tytuł strony internetowej},
  year                     = {2021}, 
  url                      = {http://gdzies/w/internecie/internet.html},
  urldate                  = {2021-09-30}
}

@online{bib:OracleHCM,
  author                   = {Oracle},
  title                    = {Oracle Human Capital Management (HCM)},
  year                     = {}, 
  url                      = {https://www.oracle.com/human-capital-management/},
  urldate                  = {2024-09-30}
}

@online{bib:SAPHCM, 
    author                   = {SAP},
    title                    = {Human capital management (HCM)},
    year                     = {}, 
    url                      = {https://www.sap.com/products/hcm.html},
    urldate                  = {2024-09-30}
}

@online{bib:MintHCM, 
    author                   = {MintHCM},
    title                    = {MintHCM},
    year                     = {}, 
    url                      = {https://minthcm.org/},
    urldate                  = {2024-09-30}
}

@online{bib:RFC9110, 
  author                   = {R. Fielding, M. Nottingham, J. Reschke},
  title                    = {RFC 9110: HTTP Semantics},
  year                     = {2022}, 
  url                      = {https://www.rfc-editor.org/rfc/rfc9110.html},
  urldate                  = {2024-10-30}
}

% https://hdwr.pl/pl/blog/Rejestratory-czasu-pracy-a-prawo-pracy-Co-kazdy-pracodawca-powinien-wiedziec-2023/154